<record><leader>00000cas a22000007a 4500</leader><controlfield tag="001">19216945</controlfield><controlfield tag="008">890215d18531853pauwr ne      0    0eng d</controlfield><datafield ind1=" " ind2=" " tag="010"><subfield code="a">sn 89077641 </subfield></datafield><datafield ind1=" " ind2=" " tag="040"><subfield code="a">NPH</subfield><subfield code="b">eng</subfield><subfield code="c">NPH</subfield><subfield code="d">OCLCQ</subfield></datafield><datafield ind1=" " ind2=" " tag="042"><subfield code="a">msc</subfield></datafield><datafield ind1="0" ind2="4" tag="245"><subfield code="a">The Weekly crescent and commercial advertiser.</subfield></datafield><datafield ind1=" " ind2=" " tag="260"><subfield code="a">Erie [Pa.] :</subfield><subfield code="b">A.H. Caughey &amp; A.J. M'Creary,</subfield><subfield code="c">1853-</subfield></datafield><datafield ind1=" " ind2=" " tag="300"><subfield code="a">v. ;</subfield><subfield code="c">62 cm.</subfield></datafield><datafield ind1=" " ind2=" " tag="310"><subfield code="a">Weekly</subfield></datafield><datafield ind1="0" ind2=" " tag="362"><subfield code="a">New ser. v. 1, no. 1 (Mar. 23, 1853)- = whole no. 327-</subfield></datafield><datafield ind1="1" ind2=" " tag="362"><subfield code="a">Ceased in Oct. 1853?</subfield></datafield><datafield ind1=" " ind2=" " tag="752"><subfield code="a">United States</subfield><subfield code="b">Pennsylvania</subfield><subfield code="c">Erie</subfield><subfield code="d">Erie.</subfield></datafield><datafield ind1="0" ind2="4" tag="780"><subfield code="t">Erie commercial advertiser</subfield><subfield code="w">(DLC)sn 85054619</subfield></datafield><datafield ind1="0" ind2="4" tag="780"><subfield code="t">Weekly crescent (Erie, Pa.)</subfield></datafield><datafield ind1="0" ind2="0" tag="785"><subfield code="t">Constitution (Erie, Pa.)</subfield><subfield code="w">(DLC)sn 85038413</subfield></datafield><datafield ind1="1" ind2=" " tag="029"><subfield code="a">AU@</subfield><subfield code="b">000023089674</subfield></datafield></record>